<?xml version="1.0" encoding="UTF-8"?><collection xmlns="http://www.loc.gov/MARC21/slim"><record><leader>00455nam--2200157-i-4500</leader><controlfield tag="001">000039019</controlfield><controlfield tag="002">20161230</controlfield><controlfield tag="005">20170118171846</controlfield><controlfield tag="008">060222s1000------------r-----000-0-eng-d</controlfield><datafield ind1=" " ind2=" " tag="080"><subfield code="a">548.3(043)</subfield></datafield><datafield ind1=" " ind2=" " tag="100"><subfield code="a">Rexer, Hans-Ulrich</subfield></datafield><datafield ind1=" " ind2=" " tag="245"><subfield code="a">Sinterkinetik und eigenschaften von zr02 - haltigen-si3n4 - mischkristallkeramiken. Dissert</subfield></datafield><datafield ind1=" " ind2=" " tag="260"><subfield code="a">Stuttgart</subfield><subfield code="b">Inst.Fur Metallkunde</subfield><subfield code="c">1983</subfield></datafield><datafield ind1=" " ind2=" " tag="300"><subfield code="a">101 p</subfield></datafield><datafield ind1=" " ind2=" " tag="852"><subfield code="a">71412</subfield></datafield><datafield ind1=" " ind2=" " tag="CAT"><subfield code="a">SYS</subfield><subfield code="c">20170118</subfield><subfield code="h">171846</subfield></datafield></record></collection>